% Preliminary Bibliography, not necessarily used in Thesis. More of a collection of possible sources and as a template.
@Article{PhysRevB.31.6207,
  title = {Generalized many-channel conductance formula with application to small rings},
  author = {B\"uttiker, M.  and Imry, Y.  and Landauer, R.  and Pinhas, S. },
  journal = {Phys. Rev. B},
  volume = {31},
  number = {10},
  pages = {6207--6215},
  numpages = {8},
  year = {1985},
  month = {May},
  doi = {10.1103/PhysRevB.31.6207},
  publisher = {American Physical Society}
}
@Article{springerlink:10.1007/BF01578242,
   author = {MacKinnon, A. and Kramer, B.},
   affiliation = {The Blackett Laboratory Imperial College Prince Consort Road SW7 2BZ London England},
   title = {The scaling theory of electrons in disordered solids: Additional numerical results},
   journal = {Zeitschrift für Physik B Condensed Matter},
   publisher = {Springer Berlin / Heidelberg},
   issn = {0722-3277},
   keyword = {Physics and Astronomy},
   pages = {1-13},
   volume = {53},
   issue = {1},
   url = {http://dx.doi.org/10.1007/BF01578242},
   note = {10.1007/BF01578242},
   year = {1983}
}
@Article{PhysRevB.23.6851,
  title = {Relation between conductivity and transmission matrix},
  author = {Fisher, Daniel S. and Lee, Patrick A.},
  journal = {Phys. Rev. B},
  volume = {23},
  number = {12},
  pages = {6851--6854},
  numpages = {3},
  year = {1981},
  month = {Jun},
  doi = {10.1103/PhysRevB.23.6851},
  publisher = {American Physical Society}
}
@Article{PhilMag.21.172,
  title = {Electrical resistance of disordered one-dimensional lattices},
  author = {Landauer, R.},
  journal = {Philosophical Magazine},
  volume = {21},
  number = {172},
  pages = {863-867},
  year = {1970},
  doi = {10.1080/14786437008238472},
  url = {http://dx.doi.org/10.1080/14786437008238472}
}
@Article{PhysRev.60.252,
  title = {Statistics of the Two-Dimensional Ferromagnet. Part I},
  author = {Kramers, H. A. and Wannier, G. H.},
  journal = {Phys. Rev.},
  volume = {60},
  number = {3},
  pages = {252--262},
  numpages = {10},
  year = {1941},
  month = {Aug},
  doi = {10.1103/PhysRev.60.252},
  publisher = {American Physical Society}
}
@Article{PhysRevB.48.14121,
  title = {Photonic band gaps and defects in two dimensions: Studies of the transmission coefficient},
  author = {Sigalas, M.  and Soukoulis, C. M. and Economou, E. N. and Chan, C. T. and Ho, K. M.},
  journal = {Phys. Rev. B},
  volume = {48},
  number = {19},
  pages = {14121--14126},
  numpages = {5},
  year = {1993},
  month = {Nov},
  doi = {10.1103/PhysRevB.48.14121},
  publisher = {American Physical Society}
}
@Article{PhysRevLett.69.2772,
  title = {Calculation of photon dispersion relations},
  author = {Pendry, J. B. and MacKinnon, A. },
  journal = {Phys. Rev. Lett.},
  volume = {69},
  number = {19},
  pages = {2772--2775},
  numpages = {3},
  year = {1992},
  month = {Nov},
  doi = {10.1103/PhysRevLett.69.2772},
  publisher = {American Physical Society}
}
@Article{PhysRevLett.47.1546,
  title = {One-Parameter Scaling of Localization Length and Conductance in Disordered Systems},
  author = {MacKinnon, A.  and Kramer, B. },
  journal = {Phys. Rev. Lett.},
  volume = {47},
  number = {21},
  pages = {1546--1549},
  numpages = {3},
  year = {1981},
  month = {Nov},
  doi = {10.1103/PhysRevLett.47.1546},
  publisher = {American Physical Society}
}
@Article{PhysRevB.39.10452,
  title = {Resonant conduction in ballistic quantum channels},
  author = {Kirczenow, George },
  journal = {Phys. Rev. B},
  volume = {39},
  number = {14},
  pages = {10452--10455},
  numpages = {3},
  year = {1989},
  month = {May},
  doi = {10.1103/PhysRevB.39.10452},
  publisher = {American Physical Society}
}
@Article{PhysRevLett.62.300,
  title = {Theory of Quantum Conduction through a Constriction},
  author = {Szafer, Aaron  and Stone, A. Douglas},
  journal = {Phys. Rev. Lett.},
  volume = {62},
  number = {3},
  pages = {300--303},
  numpages = {3},
  year = {1989},
  month = {Jan},
  doi = {10.1103/PhysRevLett.62.300},
  publisher = {American Physical Society}
}
@article{springerlink:10.1007/BF01342591,
   author = {Peierls, R.},
   affiliation = {Rom},
   title = {Zur Theorie des Diamagnetismus von Leitungselektronen},
   journal = {Zeitschrift für Physik A Hadrons and Nuclei},
   publisher = {Springer Berlin / Heidelberg},
   issn = {0939-7922},
   keyword = {Physics and Astronomy},
   pages = {763-791},
   volume = {80},
   issue = {11},
   url = {http://dx.doi.org/10.1007/BF01342591},
   note = {10.1007/BF01342591},
   year = {1933}
}
@Article{PhysRev.45.815,
  title = {The Numerical Solution of Schr\"odinger's Equation},
  author = {Kimball, G. E. and Shortley, G. H.},
  journal = {Phys. Rev.},
  volume = {45},
  number = {11},
  pages = {815--820},
  numpages = {5},
  year = {1934},
  month = {Jun},
  doi = {10.1103/PhysRev.45.815},
  publisher = {American Physical Society}
}
@Article{PhysRevB.40.8169,
  title = {Electrical linear-response theory in an arbitrary magnetic field: A new Fermi-surface formation},
  author = {Baranger, Harold U. and Stone, A. Douglas},
  journal = {Phys. Rev. B},
  volume = {40},
  number = {12},
  pages = {8169--8193},
  numpages = {24},
  year = {1989},
  month = {Oct},
  doi = {10.1103/PhysRevB.40.8169},
  publisher = {American Physical Society}
}
@Article{PhysRevB.22.3519,
  title = {New method for a scaling theory of localization},
  author = {Anderson, P. W. and Thouless, D. J. and Abrahams, E.  and Fisher, D. S.},
  journal = {Phys. Rev. B},
  volume = {22},
  number = {8},
  pages = {3519--3526},
  numpages = {7},
  year = {1980},
  month = {Oct},
  doi = {10.1103/PhysRevB.22.3519},
  publisher = {American Physical Society}
}

@Article{PhysRevB.47.9537,
  title = {Ballistic transport in quantum channels modulated with double-bend structures},
  author = {Xu, Hongqi },
  journal = {Phys. Rev. B},
  volume = {47},
  number = {15},
  pages = {9537--9544},
  numpages = {7},
  year = {1993},
  month = {Apr},
  doi = {10.1103/PhysRevB.47.9537},
  publisher = {American Physical Society}
}
@Article{PhysRevB.44.6351,
  title = {Quantum wire with periodic serial structure},
  author = {Wu, Hua  and Sprung, D. W. L. and Martorell, J.  and Klarsfeld, S. },
  journal = {Phys. Rev. B},
  volume = {44},
  number = {12},
  pages = {6351--6360},
  numpages = {9},
  year = {1991},
  month = {Sep},
  doi = {10.1103/PhysRevB.44.6351},
  publisher = {American Physical Society}
}
@Article{PhysRevB.45.11960,
  title = {Effective one-dimensional square well for two-dimensional quantum wires},
  author = {Wu, Hua  and Sprung, D. W. L. and Martorell, J. },
  journal = {Phys. Rev. B},
  volume = {45},
  number = {20},
  pages = {11960--11967},
  numpages = {7},
  year = {1992},
  month = {May},
  doi = {10.1103/PhysRevB.45.11960},
  publisher = {American Physical Society}
}
@Article{PhysRevB.15.3558,
  title = {Transfer-matrix study of Bloch electrons in a magnetic field},
  author = {Taylor, P. L.},
  journal = {Phys. Rev. B},
  volume = {15},
  number = {7},
  pages = {3558--3564},
  numpages = {6},
  year = {1977},
  month = {Apr},
  doi = {10.1103/PhysRevB.15.3558},
  publisher = {American Physical Society}
}
@Article{PhysRevB.45.3461,
  title = {Transfer-matrix theory of the energy levels and electron tunneling in heterostructures under an in-plane magnetic field},
  author = {Hung, K.-M.  and Wu, G. Y.},
  journal = {Phys. Rev. B},
  volume = {45},
  number = {7},
  pages = {3461--3464},
  numpages = {3},
  year = {1992},
  month = {Feb},
  doi = {10.1103/PhysRevB.45.3461},
  publisher = {American Physical Society}
}
@Article{PhysRevB.6.2166,
  title = {Self-Consistent Electronic Structure of Solid Surfaces},
  author = {Appelbaum, J. A. and Hamann, D. R.},
  journal = {Phys. Rev. B},
  volume = {6},
  number = {6},
  pages = {2166--2177},
  numpages = {11},
  year = {1972},
  month = {Sep},
  doi = {10.1103/PhysRevB.6.2166},
  publisher = {American Physical Society}
}
@Article{PhysRevLett.57.1761,
  title = {Four-Terminal Phase-Coherent Conductance},
  author = {B\"uttiker, M. },
  journal = {Phys. Rev. Lett.},
  volume = {57},
  number = {14},
  pages = {1761--1764},
  numpages = {3},
  year = {1986},
  month = {Oct},
  doi = {10.1103/PhysRevLett.57.1761},
  publisher = {American Physical Society}
}
@incollection{MacKinnon2003,
   author = {MacKinnon, Angus},
   affiliation = {The Blackett Laboratory, Imperial College London, London SW7 2BW, UK},
   title = {Transfer Matrices and Disordered Systems},
   booktitle = {Anderson Localization and Its Ramifications: Disorder, Phase Coherence and Electron Correlations},
   series = {Lecture Notes in Physics},
   editor = {Brandes, Tobias and Kettemann, S.},
   publisher = {Springer Berlin / Heidelberg},
   isbn = {},
   pages = {21-30},
   volume = {630},
   year = {2003}
}
@Article{PhysRevB.59.11936,
  title = {General Green's-function formalism for transport calculations with $spd$ Hamiltonians and giant magnetoresistance in Co- and Ni-based magnetic multilayers},
  author = {Sanvito, S.  and Lambert, C. J. and Jefferson, J. H. and Bratkovsky, A. M.},
  journal = {Phys. Rev. B},
  volume = {59},
  number = {18},
  pages = {11936--11948},
  numpages = {12},
  year = {1999},
  month = {May},
  doi = {10.1103/PhysRevB.59.11936},
  publisher = {American Physical Society}
}
@article{JChemPhys.120.7733,
	title = {Electronic transport in Z-junction carbon nanotubes},
	author = {Jintao Zhang and  Q. W. Shi and Jinlong Yang},
	journal ={J. Chem. Phys.},
	publisher = {AIP},
	year = {2004},
	doi = {DOI:10.1063/1.1689638},
	issn = {00219606},
	eissn = {10897690},
	coden = {JCPSA6},
	volume = {120},
	number = {16},
	pages = {7733-7737},
	keywords = {carbon nanotubes; molecular electronic states; metal-semiconductor-metal structures; transport processes; },
	url = {http://dx.doi.org/doi/10.1063/1.1689638},
}
