% Preliminary Bibliography, not necessarily used in Thesis. More of a collection of possible sources and as a template.

@Article{PhilMag.21.172,
  title = {Electrical resistance of disordered one-dimensional lattices},
  author = {Landauer, R.},
  journal = {Philosophical Magazine},
  volume = {21},
  number = {172},
  pages = {863-867},
  year = {1970},
  doi = {10.1080/14786437008238472},
  url = {http://dx.doi.org/10.1080/14786437008238472}
}

@book{Datta1997,
    abstract = {{Recent advances in semiconductor technology have made possible the fabrication of structures whose dimensions are much smaller than the mean free path of an electron. This book gives the first thorough account of the theory of electronic transport in such mesoscopic systems. Beginning with coverage of fundamental concepts, the book presents a detailed account of transmission function formalism which is used to describe three key topics in mesoscopic physics: the quantum Hall effect, localization, and double-barrier tunneling. Other sections include a discussion of optical analogies to mesoscopic phenomena, followed by a concluding description of the non-equilibrium Green's function formalism and its relation to the transmission formalism. Complete with problems and solutions, the book will be of great interest to graduate students of mesoscopic physics and nanoelectronic device engineering, as well as to established researchers in these fields.}},
    author = {Datta, Supriyo},
    howpublished = {Paperback},
    isbn = {0521599431},
    keywords = {electronic\_transport\_in\_mesoscopic\_systems, transport\_mechanism},
    month = may,
    publisher = {Cambridge University Press},
    title = {{Electronic Transport in Mesoscopic Systems (Cambridge Studies in Semiconductor Physics and Microelectronic Engineering)}},
    url = {http://www.worldcat.org/isbn/0521599431},
    year = {1997}
}

@ARTICLE{AnLunNik2008, 
  author={Anantram, M.P. and Lundstrom, M.S. and Nikonov, D.E.}, 
  journal={Proceedings of the IEEE}, 
  title={Modeling of Nanoscale Devices}, 
  year={2008}, 
  month={sept. }, 
  volume={96}, 
  number={9}, 
  pages={1511 -1550}, 
  keywords={Landauer-Buttiker approach;Si;atomistic effects;carbon nanotubes;diffusive limitation;electron transport;energy relaxation;layered semiconductor structures;nanoelectronics;nanoscale electronic device modeling;nanowires;nonequilibrium Green's function approach;phase-coherent quantum transport;quantum mechanical effects;quantum mechanical phase breakage;scattering limitation;semiclassical ballistic transport;silicon nanotransistors;Green's function methods;ballistic transport;carbon nanotubes;carrier mobility;diffusion;elemental semiconductors;nanoelectronics;nanowires;quantum theory;semiconductor device models;silicon;transistors;}, 
  doi={10.1109/JPROC.2008.927355}, 
  ISSN={0018-9219},
}

@phdthesis{Damle2006Thesis,
  title = {Nanoscale Device Modeling: From MOSFETs to Molecules},
  month = {Sep},
  url = {http://nanohub.org/resources/1816},
  year = {2006},
  author = {Damle, Prashant Subhash},
  school = {Purdue University},
}

@phdthesis{Wimmer2009Thesis,
  volume = {5},
  month = {Dezember},
  title = {Quantum transport in nanostructures: From computational concepts to spintronics in graphene and magnetic tunnel junctions},
  author = {Michael Wimmer},
  year = {2009},
  school = {Universit\"at Regensburg},
  keywords = {Computersimulation , Transportprozess , Green-Funktion , Magnetisches Tunnelelement , Tunnelmagnetowiderstand , Magnetoelektronik   , Tight-Binding , Matrixsortierung , anisotroper Tunnelmagnetowiderstand , quantum transport algorithms , matrix reordering , spintronics , anisotropic tunneling magnetoresistance , graphene},
  url = {http://epub.uni-regensburg.de/12142/},
}

@phdthesis{Nowack2009Thesis,
  title = {Electrical Manipulation and Detection of Single Electron Spins
    in Quantum Dots},
  month = {December},
  url = {http://tnw.tudelft.nl/index.php?id=36313&L=1},
  year = {2009},
  author = {Katja Carola Nowack},
  school = {Technische Universiteit Delft},
}

@phdthesis{Metalidis2007Thesis,
  title = {Electronic Transport in Mesoscopic Systems},
  month = {January},
  year = {2007},
  author = {Georgo Metalidis},
  school = {Mathematisch-Naturwissenschaftlich-Technischen Fakult\"at (mathematisch-naturwissenschaftlicher Bereich) der Martin-Luther-Universit\"at Halle-Wittenberg},
  url ={http://sundoc.bibliothek.uni-halle.de/diss-online/07/07H039/prom.pdf},
}

@article{Peierls1933,
   author = {Peierls, R.},
   affiliation = {Rom},
   title = {Zur Theorie des Diamagnetismus von Leitungselektronen},
   journal = {Zeitschrift fÃ¼r Physik A Hadrons and Nuclei},
   publisher = {Springer Berlin / Heidelberg},
   issn = {0939-7922},
   keyword = {Physics and Astronomy},
   pages = {763-791},
   volume = {80},
   issue = {11},
   url = {http://dx.doi.org/10.1007/BF01342591},
   note = {10.1007/BF01342591},
   year = {1933}
}

@incollection{MacKinnon2003,
   author = {MacKinnon, Angus},
   affiliation = {The Blackett Laboratory, Imperial College London, London SW7 2BW, UK},
   title = {Transfer Matrices and Disordered Systems},
   booktitle = {Anderson Localization and Its Ramifications: Disorder, Phase Coherence and Electron Correlations},
   series = {Lecture Notes in Physics},
   editor = {Brandes, Tobias and Kettemann, S.},
   publisher = {Springer Berlin / Heidelberg},
   isbn = {},
   pages = {21-30},
   volume = {630},
   year = {2003}
}

@article{MacKinnon1985,
   author = {MacKinnon, Angus.},
   affiliation = {Blackett Laboratory Imperial College Prince Consort Road SW7 2BZ London UK},
   title = {The calculation of transport properties and density of states of disordered solids},
   journal = {Zeitschrift f\"ur Physik B Condensed Matter},
   publisher = {Springer Berlin / Heidelberg},
   issn = {0722-3277},
   keyword = {Physics and Astronomy},
   pages = {385-390},
   volume = {59},
   issue = {4},
   url = {http://dx.doi.org/10.1007/BF01328846},
   year = {1985}
}
@incollection{Nikolic2010,
  Author = {Branislav K. Nikolic and Liviu P. Zarbo and Satofumi Souma},
  Title = {Spin Currents in Semiconductor Nanostructures: A Nonequilibrium Green-Function Approach},
  Booktitle = {The Oxford Handbook on Nanoscience and Technology: Frontiers and Advances},
  crossref = {NarlikarFu},
  pages = {814--866},
  volume = {1},
}

@book{NarlikarFu,
	Editor = {A. V. Narlikar and Y.Y. Fu},
	Title = {The Oxford Handbook on Nanoscience and Technology: Frontiers and Advances},
	Publisher = {Oxford University Press},
	Year = {2010},
}

@article{JApplPhys.83.4324,
  author = {Th. Sch\"{a}pers and G. Engels and J. Lange and Th. Klocke and M. Hollfelder and H. L\"{u}th},
  collaboration = {},
  title = {Effect of the heterointerface on the spin splitting in modulation doped In[sub x]Ga[sub 1 - x]As/InP quantum wells for B --> 0},
  publisher = {AIP},
  year = {1998},
  journal = {Journal of Applied Physics},
  volume = {83},
  number = {8},
  pages = {4324-4333},
  keywords = {semiconductor quantum wells; spin-orbit interactions; Shubnikov-de Haas effect; Hall effect; III-V semiconductors; indium compounds; gallium arsenide},
  url = {http://link.aip.org/link/?JAP/83/4324/1},
  doi = {10.1063/1.367192}
}

@article{JApplPhys.92.3730,
  title = {Simulating quantum transport in nanoscale transistors: Real versus mode-space approaches},
  journal = {J. Appl. Phys.},
  publisher = {AIP},
  year = {2002},
  doi = {DOI:10.1063/1.1503165},
  issn = {00218979},
  eissn = {10897550},
  coden = {JAPIAU},
  volume = {92},
  number = {7},
  pages = {3730-3739},
  author = {R. Venugopal and  Z. Ren and  S. Datta and  M. S. Lundstrom and D. Jovanovic},
  keywords = {silicon-on-insulator; MOSFET; semiconductor device models; high field effects; Green's function methods; Poisson equation; quantum theory; },
  url = {http://dx.doi.org/10.1063/1.1503165},
}

@article{JVSTB.4.853,
  title = {GaAs/GaAlAs device structures prepared by molecular beam epitaxy using indium?free mounting techniques},
  publisher = {AVS},
  journal = {J. Vac. Sci. Technol.},
  year = {1986},
  doi = {DOI:10.1116/1.583526},
  issn = {0734211X},
  coden = {JVTBD9},
  volume = {4},
  number = {4},
  pages = {853-855},
  author = {A. J. SpringThorpe and P. Mandeville},
  keywords = {SEMICONDUCTOR LASERS; FABRICATION; THRESHOLD ENERGY; MOLECULAR BEAM EPITAXY; SAMPLE PREPARATION; GALLIUM ARSENIDES; ALUMINIUM ARSENIDES; },
  url = {http://dx.doi.org/10.1116/1.583526},
}

@article{Vorob'ev2004171,
  title = "Magnetotransport properties of two-dimensional electron gas on cylindrical surface",
  journal = "Physica E: Low-dimensional Systems and Nanostructures",
  volume = "23",
  number = "1-2",
  pages = "171 - 176",
  year = "2004",
  note = "",
  issn = "1386-9477",
  doi = "10.1016/j.physe.2004.03.002",
  url = "http://www.sciencedirect.com/science/article/pii/S1386947704001092",
  author = "A.B. Vorob'ev and V.Ya. Prinz and Yu.S. Yukecheva and A.I. Toropov",
  keywords = "Two-dimensional electron gas",
  keywords = "Cylindrical surface",
  keywords = "Magnetic field",
  keywords = "Landau levels"
}

@ARTICLE{Ingram1995, 
  author={Ingram, S.G. and Linfield, E.H. and Brown, K.M. and Jones, G.A.C. and Ritchie, D.A. and Kelly, M.J.}, 
  journal={Electron Devices, IEEE Transactions on}, 
  title={2DEG base hot electron transistors fabricated using MBE and in situ ion beam lithography}, 
  year={1995}, 
  month={jun}, 
  volume={42}, 
  number={6}, 
  pages={1065 -1069}, 
  keywords={ 2DEG base HET; FIB isolation; GaAs-AlGaAs; MBE; focused ion beam; hot electron transistors; insitu ion beam lithography; molecular beam epitaxial regrowth; selective ohmic contacts; two-dimensional electron gas; vertical HET; III-V semiconductors; aluminium compounds; focused ion beam technology; gallium arsenide; hot electron transistors; ion beam lithography; isolation technology; microwave transistors; molecular beam epitaxial growth; semiconductor growth; two-dimensional electron gas;}, 
  doi={10.1109/16.387238}, 
  ISSN={0018-9383},
}

@ARTICLE{BastardBrum1986, 
  author={ Bastard, G. and Brum, J.}, 
  journal={Quantum Electronics, IEEE Journal of}, 
  title={Electronic states in semiconductor heterostructures}, 
  year={1986}, 
  month={sep}, 
  volume={22}, 
  number={9}, 
  pages={ 1625 - 1644}, 
  keywords={ Bibliographies; Gallium materials/devices; Semiconductor heterojunctions; Superlattices;}, 
  doi={10.1109/JQE.1986.1073186}, 
  ISSN={0018-9197},
}

@Article{MacKinnon1983,
   author = {MacKinnon, A. and Kramer, B.},
   affiliation = {The Blackett Laboratory Imperial College Prince Consort Road SW7 2BZ London England},
   title = {The scaling theory of electrons in disordered solids: Additional numerical results},
   journal = {Zeitschrift fÃ¼r Physik B Condensed Matter},
   publisher = {Springer Berlin / Heidelberg},
   issn = {0722-3277},
   keyword = {Physics and Astronomy},
   pages = {1-13},
   volume = {53},
   issue = {1},
   url = {http://dx.doi.org/10.1007/BF01578242},
   note = {10.1007/BF01578242},
   year = {1983}
}

@article{JChemPhys.120.7733,
	title = {Electronic transport in Z-junction carbon nanotubes},
	author = {Jintao Zhang and  Q. W. Shi and Jinlong Yang},
	journal ={J. Chem. Phys.},
	publisher = {AIP},
	year = {2004},
	doi = {DOI:10.1063/1.1689638},
	issn = {00219606},
	eissn = {10897690},
	coden = {JCPSA6},
	volume = {120},
	number = {16},
	pages = {7733-7737},
	keywords = {carbon nanotubes; molecular electronic states; metal-semiconductor-metal structures; transport processes; },
	url = {http://dx.doi.org/doi/10.1063/1.1689638},
}

@Article{PhysRevB.6.2166,
  title = {Self-Consistent Electronic Structure of Solid Surfaces},
  author = {Appelbaum, J. A. and Hamann, D. R.},
  journal = {Phys. Rev. B},
  volume = {6},
  number = {6},
  pages = {2166--2177},
  numpages = {11},
  year = {1972},
  month = {Sep},
  doi = {10.1103/PhysRevB.6.2166},
  publisher = {American Physical Society}
}

@Article{PhysRevB.15.3558,
  title = {Transfer-matrix study of Bloch electrons in a magnetic field},
  author = {Taylor, P. L.},
  journal = {Phys. Rev. B},
  volume = {15},
  number = {7},
  pages = {3558--3564},
  numpages = {6},
  year = {1977},
  month = {Apr},
  doi = {10.1103/PhysRevB.15.3558},
  publisher = {American Physical Society}
}

@Article{PhysRevB.19.917,
  title = {Green's function and generalized phase shift for surface and interface problems},
  author = {Allen, Roland E.},
  journal = {Phys. Rev. B},
  volume = {19},
  number = {2},
  pages = {917--924},
  numpages = {7},
  year = {1979},
  month = {Jan},
  doi = {10.1103/PhysRevB.19.917},
  publisher = {American Physical Society}
}

@Article{PhysRevB.20.1454,
  title = {Green's functions for surface physics},
  author = {Allen, Roland E.},
  journal = {Phys. Rev. B},
  volume = {20},
  number = {4},
  pages = {1454--1472},
  numpages = {18},
  year = {1979},
  month = {Aug},
  doi = {10.1103/PhysRevB.20.1454},
  publisher = {American Physical Society}
}

@Article{PhysRevB.22.3519,
  title = {New method for a scaling theory of localization},
  author = {Anderson, P. W. and Thouless, D. J. and Abrahams, E.  and Fisher, D. S.},
  journal = {Phys. Rev. B},
  volume = {22},
  number = {8},
  pages = {3519--3526},
  numpages = {7},
  year = {1980},
  month = {Oct},
  doi = {10.1103/PhysRevB.22.3519},
  publisher = {American Physical Society}
}

@Article{PhysRevB.23.6851,
  title = {Relation between conductivity and transmission matrix},
  author = {Fisher, Daniel S. and Lee, Patrick A.},
  journal = {Phys. Rev. B},
  volume = {23},
  number = {12},
  pages = {6851--6854},
  numpages = {3},
  year = {1981},
  month = {Jun},
  doi = {10.1103/PhysRevB.23.6851},
  publisher = {American Physical Society}
}

@Article{PhysRevB.24.4445,
  title = {New method for calculating electronic properties of superlattices using complex band structures},
  author = {Schulman, J. N. and Chang, Yia-Chung },
  journal = {Phys. Rev. B},
  volume = {24},
  number = {8},
  pages = {4445--4448},
  numpages = {3},
  year = {1981},
  month = {Oct},
  doi = {10.1103/PhysRevB.24.4445},
  publisher = {American Physical Society}
}

@Article{PhysRevB.31.6207,
  title = {Generalized many-channel conductance formula with application to small rings},
  author = {B\"uttiker, M.  and Imry, Y.  and Landauer, R.  and Pinhas, S. },
  journal = {Phys. Rev. B},
  volume = {31},
  number = {10},
  pages = {6207--6215},
  numpages = {8},
  year = {1985},
  month = {May},
  doi = {10.1103/PhysRevB.31.6207},
  publisher = {American Physical Society}
}

@Article{PhysRevB.39.10452,
  title = {Resonant conduction in ballistic quantum channels},
  author = {Kirczenow, George },
  journal = {Phys. Rev. B},
  volume = {39},
  number = {14},
  pages = {10452--10455},
  numpages = {3},
  year = {1989},
  month = {May},
  doi = {10.1103/PhysRevB.39.10452},
  publisher = {American Physical Society}
}

@Article{PhysRevB.40.8169,
  title = {Electrical linear-response theory in an arbitrary magnetic field: A new Fermi-surface formation},
  author = {Baranger, Harold U. and Stone, A. Douglas},
  journal = {Phys. Rev. B},
  volume = {40},
  number = {12},
  pages = {8169--8193},
  numpages = {24},
  year = {1989},
  month = {Oct},
  doi = {10.1103/PhysRevB.40.8169},
  publisher = {American Physical Society}
}

@Article{PhysRevB.44.6351,
  title = {Quantum wire with periodic serial structure},
  author = {Wu, Hua  and Sprung, D. W. L. and Martorell, J.  and Klarsfeld, S. },
  journal = {Phys. Rev. B},
  volume = {44},
  number = {12},
  pages = {6351--6360},
  numpages = {9},
  year = {1991},
  month = {Sep},
  doi = {10.1103/PhysRevB.44.6351},
  publisher = {American Physical Society}
}

@Article{PhysRevB.45.3461,
  title = {Transfer-matrix theory of the energy levels and electron tunneling in heterostructures under an in-plane magnetic field},
  author = {Hung, K.-M.  and Wu, G. Y.},
  journal = {Phys. Rev. B},
  volume = {45},
  number = {7},
  pages = {3461--3464},
  numpages = {3},
  year = {1992},
  month = {Feb},
  doi = {10.1103/PhysRevB.45.3461},
  publisher = {American Physical Society}
}

@Article{PhysRevB.45.11960,
  title = {Effective one-dimensional square well for two-dimensional quantum wires},
  author = {Wu, Hua  and Sprung, D. W. L. and Martorell, J. },
  journal = {Phys. Rev. B},
  volume = {45},
  number = {20},
  pages = {11960--11967},
  numpages = {7},
  year = {1992},
  month = {May},
  doi = {10.1103/PhysRevB.45.11960},
  publisher = {American Physical Society}
}

@Article{PhysRevB.47.9537,
  title = {Ballistic transport in quantum channels modulated with double-bend structures},
  author = {Xu, Hongqi },
  journal = {Phys. Rev. B},
  volume = {47},
  number = {15},
  pages = {9537--9544},
  numpages = {7},
  year = {1993},
  month = {Apr},
  doi = {10.1103/PhysRevB.47.9537},
  publisher = {American Physical Society}
}

@Article{PhysRevB.48.14121,
  title = {Photonic band gaps and defects in two dimensions: Studies of the transmission coefficient},
  author = {Sigalas, M.  and Soukoulis, C. M. and Economou, E. N. and Chan, C. T. and Ho, K. M.},
  journal = {Phys. Rev. B},
  volume = {48},
  number = {19},
  pages = {14121--14126},
  numpages = {5},
  year = {1993},
  month = {Nov},
  doi = {10.1103/PhysRevB.48.14121},
  publisher = {American Physical Society}
}

@article{PhysRevB.55.5266,
  volume = {55},
  journal = {Phys. Rev. B},
  month = {Feb},
  title = {Closed-form solutions to surface Green's functions},
  author = {Umerski, A.},
  year = {1997},
  url = {http://link.aps.org/doi/10.1103/PhysRevB.55.5266},
  doi = {10.1103/PhysRevB.55.5266},
  issue = {8},
  publisher = {American Physical Society},
  pages = {5266--5275}
}

@Article{PhysRevB.59.11936,
  title = {General Green's-function formalism for transport calculations with $spd$ Hamiltonians and giant magnetoresistance in Co- and Ni-based magnetic multilayers},
  author = {Sanvito, S.  and Lambert, C. J. and Jefferson, J. H. and Bratkovsky, A. M.},
  journal = {Phys. Rev. B},
  volume = {59},
  number = {18},
  pages = {11936--11948},
  numpages = {12},
  year = {1999},
  month = {May},
  doi = {10.1103/PhysRevB.59.11936},
  publisher = {American Physical Society}
}

@article{PhysRevB.61.15588,
  volume = {61},
  journal = {Phys. Rev. B},
  month = {Jun},
  title = {Rashba spin splitting in inversion layers on p-type bulk InAs},
  author = {Matsuyama, T. and K\"ursten, R. and Mei\ss{}ner, C. and Merkt, U.},
  year = {2000},
  url = {http://link.aps.org/doi/10.1103/PhysRevB.61.15588},
  doi = {10.1103/PhysRevB.61.15588},
  issue = {23},
  publisher = {American Physical Society},
  pages = {15588--15591}
}

@article{PhysRevB.66.205319,
  volume = {66},
  journal = {Phys. Rev. B},
  numpages = {12},
  month = {Nov},
  title = {Generalized conductance formula for the multiband tight-binding model},
  author = {Krsti\ifmmode \acute{c}\else \'{c}\fi{}, P. S. and Zhang, X.-G. and Butler, W. H.},
  year = {2002},
  url = {http://link.aps.org/doi/10.1103/PhysRevB.66.205319},
  doi = {10.1103/PhysRevB.66.205319},
  issue = {20},
  publisher = {American Physical Society},
  pages = {205319}
}

@article{PhysRevB.72.235304,
  volume = {72},
  journal = {Phys. Rev. B},
  numpages = {9},
  month = {Dec},
  title = {Green's function technique for studying electron flow in two-dimensional mesoscopic samples},
  author = {Metalidis, G. and Bruno, P.},
  year = {2005},
  url = {http://link.aps.org/doi/10.1103/PhysRevB.72.235304},
  doi = {10.1103/PhysRevB.72.235304},
  issue = {23},
  publisher = {American Physical Society},
  pages = {235304}
}

@article{PhysRevLett.12.271,
  volume = {12},
  journal = {Phys. Rev. Lett.},
  month = {Mar},
  title = {Liquid Helium as a Barrier to Electrons},
  author = {Sommer, W. T.},
  year = {1964},
  url = {http://link.aps.org/doi/10.1103/PhysRevLett.12.271},
  doi = {10.1103/PhysRevLett.12.271},
  issue = {11},
  publisher = {American Physical Society},
  pages = {271--273}
}

@Article{PhysRevLett.47.1546,
  title = {One-Parameter Scaling of Localization Length and Conductance in Disordered Systems},
  author = {MacKinnon, A.  and Kramer, B. },
  journal = {Phys. Rev. Lett.},
  volume = {47},
  number = {21},
  pages = {1546--1549},
  numpages = {3},
  year = {1981},
  month = {Nov},
  doi = {10.1103/PhysRevLett.47.1546},
  publisher = {American Physical Society}
}

@Article{PhysRevLett.57.1761,
  title = {Four-Terminal Phase-Coherent Conductance},
  author = {B\"uttiker, M. },
  journal = {Phys. Rev. Lett.},
  volume = {57},
  number = {14},
  pages = {1761--1764},
  numpages = {3},
  year = {1986},
  month = {Oct},
  doi = {10.1103/PhysRevLett.57.1761},
  publisher = {American Physical Society}
}

@Article{PhysRevLett.62.300,
  title = {Theory of Quantum Conduction through a Constriction},
  author = {Szafer, Aaron  and Stone, A. Douglas},
  journal = {Phys. Rev. Lett.},
  volume = {62},
  number = {3},
  pages = {300--303},
  numpages = {3},
  year = {1989},
  month = {Jan},
  doi = {10.1103/PhysRevLett.62.300},
  publisher = {American Physical Society}
}

@Article{PhysRevLett.69.2772,
  title = {Calculation of photon dispersion relations},
  author = {Pendry, J. B. and MacKinnon, A. },
  journal = {Phys. Rev. Lett.},
  volume = {69},
  number = {19},
  pages = {2772--2775},
  numpages = {3},
  year = {1992},
  month = {Nov},
  doi = {10.1103/PhysRevLett.69.2772},
  publisher = {American Physical Society}
}

@article{PhysRevLett.78.1335,
  volume = {78},
  journal = {Phys. Rev. Lett.},
  month = {Feb},
  title = {Gate Control of Spin-Orbit Interaction in an Inverted I${\mathrm{n}}_{0.53}$G${\mathrm{a}}_{0.47}$As/I${\mathrm{n}}_{0.52}$A${\mathrm{l}}_{0.48}$As Heterostructure},
  author = {Nitta, Junsaku and Akazaki, Tatsushi and Takayanagi, Hideaki and Enoki, Takatomo},
  year = {1997},
  url = {http://link.aps.org/doi/10.1103/PhysRevLett.78.1335},
  doi = {10.1103/PhysRevLett.78.1335},
  issue = {7},
  publisher = {American Physical Society},
  pages = {1335--1338}
}

@article{PhysRevLett.95.046601,
  title = {Nonequilibrium Spin Hall Accumulation in Ballistic Semiconductor Nanostructures},
  month = {Jul},
  doi = {10.1103/PhysRevLett.95.046601},
  author = {Nikoli\ifmmode \acute{c}\else \'{c}\fi{}, Branislav K. and Souma, Satofumi and Z\^arbo, Liviu P. and Sinova, Jairo},
  year = {2005},
  issue = {4},
  url = {http://link.aps.org/doi/10.1103/PhysRevLett.95.046601},
  numpages = {4},
  journal = {Phys. Rev. Lett.},
  publisher = {American Physical Society},
  pages = {046601},
  volume = {95}
}

@Article{PhysRev.45.815,
  title = {The Numerical Solution of Schr\"odinger's Equation},
  author = {Kimball, G. E. and Shortley, G. H.},
  journal = {Phys. Rev.},
  volume = {45},
  number = {11},
  pages = {815--820},
  numpages = {5},
  year = {1934},
  month = {Jun},
  doi = {10.1103/PhysRev.45.815},
  publisher = {American Physical Society}
}

@Article{PhysRev.60.252,
  title = {Statistics of the Two-Dimensional Ferromagnet. Part I},
  author = {Kramers, H. A. and Wannier, G. H.},
  journal = {Phys. Rev.},
  volume = {60},
  number = {3},
  pages = {252--262},
  numpages = {10},
  year = {1941},
  month = {Aug},
  doi = {10.1103/PhysRev.60.252},
  publisher = {American Physical Society}
}

@article{PhysRev.100.580,
  volume = {100},
  journal = {Phys. Rev.},
  month = {Oct},
  title = {Spin-Orbit Coupling Effects in Zinc Blende Structures},
  author = {Dresselhaus, G.},
  year = {1955},
  url = {http://link.aps.org/doi/10.1103/PhysRev.100.580},
  doi = {10.1103/PhysRev.100.580},
  issue = {2},
  publisher = {American Physical Society},
  pages = {580--586}
}
